<record><leader>00000cas a22000007a 4500</leader><controlfield tag="001">13127337</controlfield><controlfield tag="008">860208d18821884pauwr ne      0    0eng d</controlfield><datafield ind1=" " ind2=" " tag="010"><subfield code="a">sn 86081085 </subfield></datafield><datafield ind1=" " ind2=" " tag="040"><subfield code="a">NPH</subfield><subfield code="b">eng</subfield><subfield code="c">NPH</subfield><subfield code="d">OCL</subfield><subfield code="d">OCLCQ</subfield></datafield><datafield ind1=" " ind2=" " tag="042"><subfield code="a">msc</subfield></datafield><datafield ind1="0" ind2=" " tag="130"><subfield code="a">Palladium (Shinglehouse, Pa.)</subfield></datafield><datafield ind1="1" ind2="4" tag="245"><subfield code="a">The palladium.</subfield></datafield><datafield ind1=" " ind2=" " tag="260"><subfield code="a">Shinglehouse, Pa. :</subfield><subfield code="b">D. Pearsall</subfield></datafield><datafield ind1=" " ind2=" " tag="300"><subfield code="a">v. ;</subfield><subfield code="c">60 cm.</subfield></datafield><datafield ind1=" " ind2=" " tag="310"><subfield code="a">Weekly</subfield></datafield><datafield ind1="1" ind2=" " tag="362"><subfield code="a">Began in 1882?</subfield></datafield><datafield ind1="1" ind2=" " tag="362"><subfield code="a">Ceased in 1884.</subfield><subfield code="z">Cf. Rossell, G. Pa. newspapers.</subfield></datafield><datafield ind1=" " ind2=" " tag="500"><subfield code="a">Issued every Wednesday evening.</subfield></datafield><datafield ind1=" " ind2=" " tag="580"><subfield code="a">Continued by: Signal (Shinglehouse, Pa.)(non-extant).</subfield></datafield><datafield ind1=" " ind2=" " tag="588"><subfield code="a">Description based on: Vol. 2, no. 20 (Feb. 15, 1882).</subfield></datafield><datafield ind1=" " ind2=" " tag="752"><subfield code="a">United States</subfield><subfield code="b">Pennsylvania</subfield><subfield code="c">Potter</subfield><subfield code="d">Shinglehouse.</subfield></datafield><datafield ind1="0" ind2="0" tag="780"><subfield code="t">Shingle House palladium</subfield><subfield code="w">(DLC)sn 86081086</subfield></datafield><datafield ind1="1" ind2="0" tag="785"><subfield code="t">Signal (Shinglehouse, Pa.)</subfield></datafield></record>